% Encoding: UTF-8

@article{manifesto,
  author    = {Vivek Shah and Marcos Vaz Salles},
  title     = {Actor Database Systems: {A} Manifesto},
  journal   = {CoRR},
  volume    = {abs/1707.06507},
  year      = {2017}
}

@inproceedings{armstrong:erlang,
  author = {Armstrong, Joe},
  title = {A History of Erlang},
  booktitle = {Proceedings of the Third ACM SIGPLAN Conference on History of Programming Languages},
  series = {HOPL III},
  year = {2007},
  isbn = {978-1-59593-766-7},
  location = {San Diego, California},
  pages = {6-1--6-26},
  url = {http://doi.acm.org/10.1145/1238844.1238850},
  doi = {10.1145/1238844.1238850},
  acmid = {1238850},
  publisher = {ACM},
  address = {New York, NY, USA},
}

@online{akka,
  author = {{Lightbend, Inc.}},
  title = {Akka},
  year = {2018},
  url = {https://akka.io/},
  urldate = {2018-08-15},
}

@online{akka.net,
  author = {{Akka.NET project}},
  title = {Akka.NET},
  year = {2017},
  url = {https://getakka.net/},
  urldate = {2018-08-15},
}

@article{bernstein:orleans,
  title={Orleans: Distributed virtual actors for programmability and scalability},
  author={Bernstein, Philip A and Bykov, Sergey and Geller, Alan and Kliot, Gabriel and Thelin, Jorgen},
  journal={MSR-TR-2014--41},
  year={2014}
}

@online{orbit,
  author = {{Electronic Arts Inc.}},
  title = {What is Orbit?},
  year = {2018},
  url = {https://github.com/orbit/orbit/wiki},
  urldate = {2018-08-15},
}

@online{akka:clustersharding,
  author = {{Lightbend, Inc.}},
  title = {Akka Documentation -- Cluster Sharding},
  year = {2018},
  url = {https://doc.akka.io/docs/akka/current/cluster-sharding.html?language=scala#cluster-sharding},
  urldate = {2018-08-16},
}

@article{Shah:reactdb,
  author    = {Shah, Vivek and Salles, Marcos Vaz},
  title     = {Reactors: {A} Case for Predictable, Virtualized {OLTP} Actor Database Systems},
  journal   = {CoRR},
  volume    = {abs/1701.05397},
  year      = {2017},
}

@online{biokoda:actordb,
  author = {{Biokoda}},
  title = {ActorDB -- 1. About},
  year = {2018},
  url = {http://www.actordb.com/docs-about.html},
  urldate = {2018-08-16},
}

@online{akka_uses,
  author ={{Lightbend, Inc.}},
  title = {Lightbend Case Studies},
  year = {2018},
  url = {https://www.lightbend.com/case-studies#filter:akka},
  urldate = {2018-08-17},
}

@online{erlang_uses,
  author ={{Erlang Solutions Ltd }},
  title = {Case Studies \& Insights},
  year = {2018},
  url = {https://www.erlang-solutions.com/resources/case-studies.html},
  urldate = {2018-08-17},
}

@online{orleans_uses,
  author ={{.NET Foundation}},
  title = {Who Is Using Orleans?},
  year = {2018},
  url = {https://dotnet.github.io/orleans/Community/Who-Is-Using-Orleans.html},
  urldate = {2018-08-17},
}

@inproceedings{Eldeeb:transactions,
  title={Transactions for Distributed Actors in the Cloud},
  author={Tamer Eldeeb and Philip A. Bernstein},
  year={2016}
}

@inproceedings{Bernstein:indexing,
  title={Indexing in an Actor-Oriented Database.},
  author={Bernstein, Philip A and Dashti, Mohammad and Kiefer, Tim and Maier, David},
  booktitle={CIDR},
  year={2017}
}

@inproceedings{raft,
  title={In search of an understandable consensus algorithm.},
  author={Ongaro, Diego and Ousterhout, John K},
  booktitle={USENIX Annual Technical Conference},
  pages={305--319},
  year={2014}
}

@online{actorbase,
  author ={Cardin, Riccardo},
  title = {Actorbase, or "the Persistence Chaos"},
  year = {2017},
  url = {https://dzone.com/articles/actorbase-or-quotthe-persistence-chaosquot},
  urldate = {2018-08-18},
}


%% EXAMPLES
@InProceedings{ABC01,
  author   = {N. Abraham and U. Bibel and P. Corleone},
  title    = {Formatting Contributions for Proceedings},
  pages    = {46-53},
}

@InBook{Az09,
  pages    = {135-162},
  title    = {Die Fußnote in LNI-Bänden},
  author   = {Azubi, L. and others},
}

@Book{AB00,
  title     = {Formatierungsrichtlinien für Tagungsbände},
  publisher = {Format-Verlag},
  year      = {2000},
  author    = {K. Abel and U. Bibel},
  address   = {Bonn},
}

@Online{GI14,
  author = {{Gesellschaft für Informatik e.\,V.}},
  label  = {GI},
  year  = {2014},
  url  =  {http://www.gi-ev.de},
  urldate = {2014-12-24}
}

@book{vernon2015reactive,
  title={Reactive Messaging Patterns with the Actor Model: Applications and Integration in Scala and Akka},
  author={Vernon, V.},
  isbn={9780133846874},
  url={https://books.google.de/books?id=wc0oCgAAQBAJ},
  year={2015},
  publisher={Pearson Education}
}

@inproceedings{Haller:2012,
 author = {Haller, Philipp},
 title = {On the Integration of the Actor Model in Mainstream Technologies: The Scala Perspective},
 booktitle = {Proceedings of the 2Nd Edition on Programming Systems, Languages and Applications Based on Actors, Agents, and Decentralized Control Abstractions},
 series = {AGERE! 2012},
 year = {2012},
 isbn = {978-1-4503-1630-9},
 location = {Tucson, Arizona, USA},
 pages = {1--6},
 numpages = {6},
 url = {http://doi.acm.org/10.1145/2414639.2414641},
 doi = {10.1145/2414639.2414641},
 acmid = {2414641},
 publisher = {ACM},
 address = {New York, NY, USA},
 keywords = {actors, concurrent programming, distributed programming, scala, threads},
}